@book{appleby,
  author  = {Н.Ю Рязанова},
  title   = {Курс лекций по курсу <<Операционные системы>>},
  year    = {2022},
}
@book{love2010linux,
  title={Linux Kernel Development},
  author={Love, R.},
  isbn={9780672329463},
  lccn={2010018961},
  series={Developer's library : essential references for programming professionals},
  url={https://books.google.ru/books?id=5BwdBAAAQBAJ},
  year={2010},
  publisher={Addison-Wesley}
}

@book{stevens2000advanced,
  title={Advanced Programming In The Unix Environment},
  author={Stevens, W.R.},
  isbn={9788178080963},
  series={Addison-Wesley professional computing series},
  url={https://books.google.ru/books?id=WCyIygAACAAJ},
  year={2013},
  publisher={Pearson}
}

% https://github.com/milabs/khook
@book{bib4,
  title = {Hooking of generic kernel functions [Электронный ресурс]},
  publisher = {Ilya V. Matveychikov},
  note      = {Режим доступа: \url{https://github.com/milabs/khook} (Дата обращения 2022-11-06)}
}

@book{bib41,
  title = {An introduction to KProbes [Электронный ресурс]},
  note      = {Режим доступа: \url{https://lwn.net/Articles/132196/} (Дата обращения 2022-11-02)}
}